LDR  00767nam  2200241Mi 45  
001  ocm48723292 
003  OCoLC
005  20020318121355.0
008  011024s2001    ne            000 0 eng d
040       $a ZXW $b ger $c ZXW $d CRL
020       $a 9051668597
099       $a P-00006053
049       $b CRLL
100  1    $a Schans, Jan Willem van der.
245  10   $a Governance of marine resources : $b conceptual clarifications and two case studies / $c Jan Willem van der Schans.
260       $a Delft : $b Eburon, $c 2001.
300       $a V, 468 S.
500       $a NO 049 $a, 852 CAN'T BE CREATED - REJECT (07/06).
502       $a Thesis (doctoral)--Erasmus Universiteit Rotterdam, 2001.
653       $a marine resources
653       $a common natural resources
653       $a fisheries
901       $a CRL $b 48723292

Record 3
