LDR  00657naa  2200205Ia 45  
001  ocm49344353 
003  OCoLC
005  20020319171230.0
008  020319s2002    xx a     b    000 0 eng d
040       $a CBG $c CBG
043       $a n-us-ca
099       $a A9884 $a 2002
049       $a CBGS
100  1    $a Hirsch, Werner Zvi, $d 1920-
245  10   $a Making California's state budget more user-friendly and transparent / $c Werner Z. Hirsch, Daniel J. B. Mitchell.
500       $a CBG (for all): 994 $a IS  '11'; REJECT
650   0   $a Budget $z California.
700  1    $a Mitchell, Daniel J. B.
773  0    $7 nnas $t California policy options. $g 2002, p. 20-46. $w (OCoLC)38594780
994       $a 11 $b CBG

Record 4
