LDR  00579caa  2200169Ia 45  
001  ocm48936915 
003  OCoLC
005  20020319172941.0
008  020205s2001    xx       b    000 0 eng d
040       $a CBG $c CBG
043       $a n-us---
049       $a CBGA
100  1    $a Cox, Gary W.
245  10   $a Agenda setting in the U.S. House : $b a majority-party monopoly? / $c Gary W. Cox.
500       $a CBG (for all): RECORD LACKS 994 FIELD; REJECT.
610  10   $a United States. $b Congress. $b House $x Leadership.
773  0    $7 nnas $t Legislative studies quarterly. $g Vol. 26, no. 2 (May 2001), p. 185-210. $w (OCoLC)2398192

Record 6
