LDR  00639caa  2200181Ia 45  
003  OCoLC
005  20020319172945.0
008  020205s2001    xx       b    000 0 eng d
040       $a CBG $c CBG
043       $a n-us---
049       $a CBGA
100  1    $a Bailey, Michael.
245  10   $a Quiet influence : $b the representation of diffuse interests on trade policy, 1983-1994 / $c Michael Bailey.
500       $a CBG (for all): RECORD LACKS 001; REJECT.
650   0   $a Commercial policy $z United States.
610  10   $a United States. $b Congress $x Voting.
773  0    $7 nnas $t Legislative studies quarterly. $g Vol. 26, no. 1 (Feb. 2001), p. 45-80. $w (OCoLC)2398192
994       $a 01 $b CBG

Record 9
