LDR  00837cam  2200241M  450
001  ocX65038631 
003  OCoLC
005  20061016100311.0
008  900320s1979    gw       m    000 0 ger d
040       $a NLGGC $e fobidrtb $b dut $c NLGGC $d CRL
029  0    $a NLGGC $b 059633638
099       $a P-00424582
049       $a CRLL
100  1    $a Jacob, Achim, $d 1948-
245  14   $a Der Einfluss der Therapie subklinischer Mastitiden im Trockenstadium auf die Milchleistung in der folgenden Laktation / $c von Achim Jacob.
260       $a Berlin : $b [s.n.], $c 1979.
300       $a 70 p. ; $c 21 cm.
500       $a OCLC: 001 DOES NOT BEGIN WITH ocm OR ocn; REJECT (11/06).
502       $a Thesis (doctoral)--Freie Universitèat Berlin, 1979.
710  2    $a Freie Universitèat Berlin.
949       $a SWW
949       $a *recs=b;dflt=crlm;bn=diss;i=/loc=diss;ins=ypl;
994       $a 02 $b CRL

